@book{neigh,
author={Gonzalez, Rafael C and Wintz, Paul A},
title={Digital image processing},
place={Reading, Mass.},
publisher={Prentice Hall},
year={2008}
}

@misc{gauss,
author={Mipav.cit.nih.gov,},
title={Interpolation methods used in MIPAV - MIPAV},
url={http://mipav.cit.nih.gov/pubwiki/index.php/Interpolation_methods_used_in_MIPAV},
urldate={2016-2-16},
year={2016}
}