@ARTICLE{esqueleto,
author={D. Selle and B. Preim and A. Schenk and H. O. Peitgen},
journal={IEEE Transactions on Medical Imaging},
title={Analysis of vasculature for liver surgical planning},
year={2002},
volume={21},
number={11},
pages={1344-1357},
keywords={blood vessels;computerised tomography;feature extraction;image segmentation;liver;medical image processing;surgery;aliasing artifacts;clinical environment;computed tomography scans;corrosion casts;hepatic vessels;human livers;image analysis techniques;image processing steps sequence;optimal quantitative information;structural shape analysis;transplantations;vascular territories;volume data preprocessing;Computed tomography;Image processing;Image segmentation;Information analysis;Liver neoplasms;Morphology;Robustness;Skeleton;Surgery;Visualization;Algorithms;Angiography;Bile Ducts, Intrahepatic;Cadaver;Hepatic Artery;Hepatic Veins;Humans;Imaging, Three-Dimensional;Liver;Liver Neoplasms;Liver Transplantation;Pattern Recognition, Automated;Phantoms, Imaging;Portal Vein;Preoperative Care;Radiographic Image Enhancement;Radiographic Image Interpretation, Computer-Assisted;Surgery, Computer-Assisted;Tomography, X-Ray Computed;User-Computer Interface},
doi={10.1109/TMI.2002.801166},
ISSN={0278-0062},
month={Nov},}

@misc{esqueletoMevis,
author={Documentaci√≥n MeVisLab},
url={http://mevislabdownloads.mevis.de/docs/2.5/MeVisLab/Standard/Documentation/Publish/ModuleReference/DtfSkeletonization.html},
urldate={2016-5-3},
journal={Mevislabdownloads.mevis.de},
year={2016}
}

